@misc{seguy2018largescaleoptimaltransportmapping,
      title={Large-Scale Optimal Transport and Mapping Estimation}, 
      author={Vivien Seguy and Bharath Bhushan Damodaran and Rémi Flamary and Nicolas Courty and Antoine Rolet and Mathieu Blondel},
      year={2018},
      eprint={1711.02283},
      archivePrefix={arXiv},
      primaryClass={stat.ML},
      url={https://arxiv.org/abs/1711.02283}, 
}

@misc{janati2020entropicoptimaltransportunbalanced,
      title={Entropic Optimal Transport between Unbalanced Gaussian Measures has a Closed Form}, 
      author={Hicham Janati and Boris Muzellec and Gabriel Peyré and Marco Cuturi},
      year={2020},
      eprint={2006.02572},
      archivePrefix={arXiv},
      primaryClass={math.ST},
      url={https://arxiv.org/abs/2006.02572}, 
}

@book{galichon2018optimal,
  title={Optimal transport methods in economics},
  author={Galichon, Alfred},
  year={2018},
  publisher={Princeton University Press}
}

@inproceedings{bonneel2023survey,
  title={A survey of optimal transport for computer graphics and computer vision},
  author={Bonneel, Nicolas and Digne, Julie},
  booktitle={Computer Graphics Forum},
  volume={42},
  number={2},
  pages={439--460},
  year={2023},
  organization={Wiley Online Library}
}

@article{montesuma2024recent,
  title={Recent advances in optimal transport for machine learning},
  author={Montesuma, Eduardo Fernandes and Mboula, Fred Maurice Ngol{\`e} and Souloumiac, Antoine},
  journal={IEEE Transactions on Pattern Analysis and Machine Intelligence},
  year={2024},
  publisher={IEEE}
}

@article{monge1781memoire,
  title={M{\'e}moire sur la th{\'e}orie des d{\'e}blais et des remblais},
  author={Monge, Gaspard},
  journal={Mem. Math. Phys. Acad. Royale Sci.},
  pages={666--704},
  year={1781}
}

@article{bousquet2017optimal,
  title={From optimal transport to generative modeling: the VEGAN cookbook},
  author={Bousquet, Olivier and Gelly, Sylvain and Tolstikhin, Ilya and Simon-Gabriel, Carl-Johann and Schoelkopf, Bernhard},
  journal={arXiv preprint arXiv:1705.07642},
  year={2017}
}

@article{courty2016optimal,
  title={Optimal transport for domain adaptation},
  author={Courty, Nicolas and Flamary, R{\'e}mi and Tuia, Devis and Rakotomamonjy, Alain},
  journal={IEEE transactions on pattern analysis and machine intelligence},
  volume={39},
  number={9},
  pages={1853--1865},
  year={2016},
  publisher={IEEE}
}

@article{sinkhorn1967diagonal,
  title={Diagonal equivalence to matrices with prescribed row and column sums},
  author={Sinkhorn, Richard},
  journal={The American Mathematical Monthly},
  volume={74},
  number={4},
  pages={402--405},
  year={1967},
  publisher={JSTOR}
}

@inproceedings{NIPS2016_2a27b814,
 author = {Genevay, Aude and Cuturi, Marco and Peyr\'{e}, Gabriel and Bach, Francis},
 booktitle = {Advances in Neural Information Processing Systems},
 editor = {D. Lee and M. Sugiyama and U. Luxburg and I. Guyon and R. Garnett},
 pages = {},
 publisher = {Curran Associates, Inc.},
 title = {Stochastic Optimization for Large-scale Optimal Transport},
 url = {https://proceedings.neurips.cc/paper_files/paper/2016/file/2a27b8144ac02f67687f76782a3b5d8f-Paper.pdf},
 volume = {29},
 year = {2016}
}

@book{ambrosio2008gradient,
  title={Gradient flows: in metric spaces and in the space of probability measures},
  author={Ambrosio, Luigi and Gigli, Nicola and Savar{\'e}, Giuseppe},
  year={2008},
  publisher={Springer Science \& Business Media}
}

@article{brenier1991polar,
  title={Polar factorization and monotone rearrangement of vector-valued functions},
  author={Brenier, Yann},
  journal={Communications on pure and applied mathematics},
  volume={44},
  number={4},
  pages={375--417},
  year={1991},
  publisher={Wiley Online Library}
}